@book{Fokkink:2018,
 author = {Fokkink, Wan},
 title = {Distributed Algorithms: An Intuitive Approach},
 year = {2018},
 isbn = {0262037661,  9780262037662},
 publisher = {The MIT Press},
}
@techreport{demirbas2000optimal,
 title={An optimal termination detection algorithm for rings},
 author={Demirbas, Murat and Arora, Anish},
 year={2000},
 institution={Technical Report OSU-CISRC-2/00-TR05, The Ohio State University}
}

